<record><leader>00000cas a2200000 a 4500</leader><controlfield tag="001">24101683</controlfield><controlfield tag="008">910719d18uu1uuuiluwr ne      0   a0eng c</controlfield><datafield ind1=" " ind2=" " tag="010"><subfield code="a">sn 91055400 </subfield></datafield><datafield ind1=" " ind2=" " tag="040"><subfield code="a">NVF</subfield><subfield code="b">eng</subfield><subfield code="c">NVF</subfield><subfield code="d">OCL</subfield><subfield code="d">OCLCQ</subfield><subfield code="d">OCLCF</subfield><subfield code="d">OCLCO</subfield><subfield code="d">OCL</subfield><subfield code="d">NVF</subfield><subfield code="d">OCLCO</subfield><subfield code="d">OCL</subfield><subfield code="d">OCLCO</subfield></datafield><datafield ind1=" " ind2=" " tag="042"><subfield code="a">pcc</subfield></datafield><datafield ind1=" " ind2=" " tag="043"><subfield code="a">n-us-il</subfield></datafield><datafield ind1="0" ind2="0" tag="245"><subfield code="a">Saxon and Celt.</subfield></datafield><datafield ind1=" " ind2=" " tag="260"><subfield code="a">Chicago, Ill. :</subfield><subfield code="b">D.R. Goudie</subfield></datafield><datafield ind1=" " ind2=" " tag="300"><subfield code="a">volumes</subfield></datafield><datafield ind1=" " ind2=" " tag="310"><subfield code="a">Weekly</subfield></datafield><datafield ind1=" " ind2=" " tag="588"><subfield code="a">Description based on: Jan. 23, 1890.</subfield></datafield><datafield ind1=" " ind2=" " tag="588"><subfield code="a">Latest issue consulted: Jan. 23, 1890.</subfield></datafield><datafield ind1=" " ind2="0" tag="650"><subfield code="a">British Americans</subfield><subfield code="z">Illinois</subfield><subfield code="z">Chicago</subfield><subfield code="v">Newspapers.</subfield></datafield><datafield ind1=" " ind2="0" tag="650"><subfield code="a">Scottish Americans</subfield><subfield code="z">Illinois</subfield><subfield code="z">Chicago</subfield><subfield code="v">Newspapers.</subfield></datafield><datafield ind1=" " ind2="0" tag="650"><subfield code="a">Welsh Americans</subfield><subfield code="z">Illinois</subfield><subfield code="z">Chicago</subfield><subfield code="v">Newspapers.</subfield></datafield><datafield ind1=" " ind2="0" tag="650"><subfield code="a">Canadian Americans</subfield><subfield code="z">Illinois</subfield><subfield code="z">Chicago</subfield><subfield code="v">Newspapers.</subfield></datafield><datafield ind1=" " ind2="0" tag="650"><subfield code="a">Scots</subfield><subfield code="z">Illinois</subfield><subfield code="z">Chicago</subfield><subfield code="v">Newspapers.</subfield></datafield><datafield ind1=" " ind2="0" tag="650"><subfield code="a">Canadians</subfield><subfield code="z">Illinois</subfield><subfield code="z">Chicago</subfield><subfield code="v">Newspapers.</subfield></datafield><datafield ind1=" " ind2="0" tag="650"><subfield code="a">British newspapers.</subfield></datafield><datafield ind1=" " ind2="0" tag="650"><subfield code="a">Welsh newspapers</subfield><subfield code="z">Illinois</subfield><subfield code="z">Chicago.</subfield></datafield><datafield ind1=" " ind2="0" tag="651"><subfield code="a">Chicago (Ill.)</subfield><subfield code="v">Newspapers.</subfield></datafield><datafield ind1=" " ind2="7" tag="655"><subfield code="a">Newspapers.</subfield><subfield code="2">fast</subfield><subfield code="0">(OCoLC)fst01423814</subfield></datafield><datafield ind1=" " ind2="7" tag="650"><subfield code="a">British Americans.</subfield><subfield code="2">fast</subfield><subfield code="0">(OCoLC)fst00839069</subfield></datafield><datafield ind1=" " ind2="7" tag="650"><subfield code="a">British newspapers.</subfield><subfield code="2">fast</subfield><subfield code="0">(OCoLC)fst00839085</subfield></datafield><datafield ind1=" " ind2="7" tag="650"><subfield code="a">Canadian Americans.</subfield><subfield code="2">fast</subfield><subfield code="0">(OCoLC)fst00845083</subfield></datafield><datafield ind1=" " ind2="7" tag="650"><subfield code="a">Canadians.</subfield><subfield code="2">fast</subfield><subfield code="0">(OCoLC)fst00845200</subfield></datafield><datafield ind1=" " ind2="7" tag="650"><subfield code="a">Scots.</subfield><subfield code="2">fast</subfield><subfield code="0">(OCoLC)fst01109125</subfield></datafield><datafield ind1=" " ind2="7" tag="650"><subfield code="a">Scottish Americans.</subfield><subfield code="2">fast</subfield><subfield code="0">(OCoLC)fst01109175</subfield></datafield><datafield ind1=" " ind2="7" tag="650"><subfield code="a">Welsh Americans.</subfield><subfield code="2">fast</subfield><subfield code="0">(OCoLC)fst01173764</subfield></datafield><datafield ind1=" " ind2="7" tag="650"><subfield code="a">Welsh newspapers.</subfield><subfield code="2">fast</subfield><subfield code="0">(OCoLC)fst01173832</subfield></datafield><datafield ind1=" " ind2="7" tag="651"><subfield code="a">Illinois</subfield><subfield code="z">Chicago.</subfield><subfield code="2">fast</subfield><subfield code="0">(OCoLC)fst01204048</subfield></datafield><datafield ind1=" " ind2=" " tag="752"><subfield code="a">United States</subfield><subfield code="b">Illinois</subfield><subfield code="c">Cook County</subfield><subfield code="d">Chicago.</subfield></datafield></record>